@article{Farquhar1989,
	author = {Farquhar,G D and Ehleringer, J R and HubicK, T k},
	title = {Carbon Isotope Discrimination and Photosynthesis},
	journal = {Annual Review of Plant Physiology and Plant Molecular Biology},
	volume = {40},
	number = {1},
	pages = {503-537},
	year = {1989},
	doi = {10.1146/annurev.pp.40.060189.002443}
}

@article{Rossi2012,
	author = {Rossi, Sergio and Morin, Hubert and Deslauriers, Annie},
	doi = {10.1093/jxb/err423},
	file = {:home/andre/.local/share/data/Mendeley Ltd./Mendeley Desktop/Downloaded/Rossi, Morin, Deslauriers - 2012 - Causes and correlations in cambium phenology towards an integrated framework of xylogenesis.pdf:pdf},
	journal = {Journal of Experimental Botany},
	keywords = {causal modelling,cell differentiation,cell production,d-sep test,picea mariana,secondary wall formation},
	mendeley-groups = {Th{\`{e}}se/Wood density},
	number = {5},
	pages = {2117--2126},
	title = {{Causes and correlations in cambium phenology: towards an integrated framework of xylogenesis}},
	volume = {63},
	year = {2012}
}


@article{Dufour2010,
	author = {Dufour, Boris and Morin, Hubert},
	doi = {10.1093/treephys/tpq046},
	journal = {Tree Physiology},
	number = {7},
	pages = {853--865},
	title = {{Tracheid production phenology of Picea mariana and its relationship with climatic fluctuations and bud development using multivariate analysis}},
	volume = {30},
	year = {2010}
}

@article{Li1993,
	author = {Li, P and Beaulieu, J and Corriveau, A and Bousquet, J},
	journal = {Silvae Genetica},
	number = {1},
	pages = {52--60},
	title = {{Genetic variation in juvenile growth and phenology of white spruce provenance-progeny test.}},
	volume = {42},
	year = {1993}
}

@article{Li1997,
	author = {Li, P and Beaulieu, J and Bousquet, J},
	doi = {10.1139/x96-159},
	issn = {0045-5067},
	journal = {Canadian Journal of Forest Research},
	number = {2},
	pages = {189--198},
	title = {{Genetic structure and patterns of genetic variation among populations in eastern white spruce (\textit{Picea glauca}) }},
	volume = {27},
	year = {1997}
}

@article{Lenz2013,
	author = {Lenz, Patrick and Auty, David and Achim, Alexis and Beaulieu, Jean and Mackay, John},
	doi = {10.3390/f4030575},
	pages = {575--594},
	title = {{Genetic Improvement of White Spruce Mechanical Wood Traits Early Screening by Means of Acoustic Velocity}},
	journal = {Forests},
	year = {2013}
}

@article{McLean2016,
author = {McLean, J. Paul and Moore, John R. and Gardiner, Barry A. and Lee, Stephen J. and Mochan, Shaun J. and Jarvis, Michael C.},
title = {Variation of radial wood properties from genetically improved Sitka spruce growing in the UK},
journal = {Forestry: An International Journal of Forest Research},
volume = {89},
number = {2},
pages = {109-116},
year = {2016},
doi = {10.1093/forestry/cpv035},

}

@article{Ivkovich2002,
	author = {Ivkovich, Milosh and Namkoong, Gene and Koshy, Mathew},
	doi = {10.1139/X02-139},
	journal = {Canadian Journal of Forest Research},
	mendeley-groups = {Th{\`{e}}se/Wood density},
	pages = {2128--2139},
	title = {{Genetic variation in wood properties of interior spruce. II. Tracheid characteristics}},
	volume = {32},
	year = {2002}
}


@article{Saranpaa1994,
	author = {Saranp{\"{a}}{\"{a}}, Pekka},
	doi = {10.1080/02827589409382814},
	file = {:home/andre/.local/share/data/Mendeley Ltd./Mendeley Desktop/Downloaded/Terms - 2017 - Basic density, longitudinal shrinkage and tracheid length of juvenile wood of Picea abies (L.) Karst.pdf:pdf},
	journal = {Scandinavian Journal of Forest Research},
	mendeley-groups = {Th{\`{e}}se/Wood density},
	pages = {68--74},
	title = {{Basic density, longitudinal shrinkage and tracheid length of juvenile wood of Picea abies (L.) Karst}},
	volume = {9},
	year = {1994}
}


@article{Alteyrac2006,
	author = {Alteyrac, J{\'{e}}r{\^{o}}me and Alain, Cloutier and Chhun-Huor, Ung and Y., Zhang S.},
	journal = {Wood and Fiber Science},
	pages = {229 -- 237},
	title = {{Mechanical properties in relation to selected wood characteristics of black spruce}},
	volume = {38},
	year = {2006}
}

@article{Macdonald2002,
	author = {Macdonald, Elspeth and Hubert, Jason},
	journal = {Forestry},
	mendeley-groups = {Th{\`{e}}se/Wood density},
	number = {2},
	title = {{A review of the effects of silviculture on timber quality of Sitka spruce}},
	volume = {75},
	year = {2002}
}


@article{Mckendry2002,
	author = {Mckendry, Peter},
	journal = {Bioresource Technology},
	keywords = {biomass,electricity,gas engines,gasification,landfill},
	mendeley-groups = {Th{\`{e}}se/Wood density},
	number = {July 2001},
	pages = {37--46},
	title = {{Energy production from biomass (part 1): overview of biomass}},
	volume = {83},
	year = {2002}
}


@article{David2014,
	author = {Auty, David and Achim, Alexis and  Macdonald, Elspeth and Andrew D. and Cameron, Barry A. Gardiner},
	doi = {10.1093/forestry/cpu005},
	pages = {449--458},
	title = {Models for predicting wood density variation in Scots pine},
	journal = {Forestry: An International Journal of Forest Research},
	year = {2014}
}

@article{Lenz2010,
	author = {Lenz, Patrick and Cloutier, Alain and Mackay, John and Beaulieu, Jean},
	doi = {10.1139/X10-014},
	pages = {703--715},
	title = {{Genetic control of wood properties in Picea glauca  an analysis of trends with cambial age}},
	volume = {715},
	journal = {Canadian Journal of Forest Research},	
	year = {2010}
}

@article{Lenz2011,
	author = {Lenz, Patrick and Mackay, John and Rainville, Andr{\'{e}}},
	doi = {10.1007/s11295-011-0364-8},
	pages = {641--653},
	title = {{The influence of cambial age on breeding for wood properties in Picea glauca}},
	journal = {Tree Genetics And Genomes},
	year = {2011}
}


@article{FRITTS1976,
	author = {Fritts, H. C.},
	doi = {10.1016/B978-0-12-268450-0.50014-8},
	journal  = {Academic Press},
	title = {Tree Rings and Climate},
	year = {1976}
}

@article{Kozlowski1997,
	author = {Kozlowski, Theodore T; Pallardy, Stephen G},
	doi = {https://doi.org/10.1016/B978-012424162-6/50029-6},
	isbn = {978-0-12-424162-6},
	pages = {237-268},
	journal= {Academic Press},
	title = {Physiology of woody plants},
	year = {1997}
}

@article{Begum2013,
	author = {Begum, Shahanara and Nakaba, Satoshi and Yamagishi, Yusuke and Oribe, Yuichiro and Funada, Ryo},
	doi = {10.1111/j.1399-3054.2012.01663.x},
	journal = {Physiologia Plantarum},
	number = {1},
	pages = {46--54},
	title = {{Regulation of cambial activity in relation to environmental conditions: Understanding the role of temperature in wood formation of trees}},
	volume = {147},
	year = {2013}
}

@article{Bouriaud2005,
	author = {Bouriaud, O and Leban, J and Bert, D and Deleuze, C},
	journal = {Tree Physiology},
	pages = {651--660},
	title = {{Intra-annual variations in climate influence growth and wood density of Norway spruce}},
	volume = {25},
	year = {2005}
}

@article{Fritts2001,
	author = {Fritts, H. C.},
	journal = {London: The Blackburn Press},
	title = {{Tree Rings and Climate}},
	year = {2001}
}

@article{Jyske2009,
	author = {Jyske, Tuula and Holtta, Teemu and Makinen, Harri and Nojd, Pekka and Lumme, Ilari and Spiecker, Heinrich},
	doi = {10.1093/treephys/tpp099},
	journal = {Tree Physiology},
	number = {1},
	pages = {103--115},
	title = {{The effect of artificially induced drought on radial increment and wood properties of Norway spruce}},
	volume = {30},
	year = {2009}
}

@article{Wimmer2000,
	author = {Wimmer, Rupert and Strumia, Giorgio and Holawe, Franz},
	doi = {10.1139/cjfr-30-11-1691},
	journal = {Canadian Journal of Forest Research},
	number = {11},
	pages = {1691--1697},
	title = {{Use of false rings in Austrian pine to reconstruct early growing season precipitation}},
	volume = {30},
	year = {2000}
}

@article{Rigling2001,
	author = {Rigling, Andreas and Waldner, Philipp O and Forster, Theodor and Br{\"{a}}ker, Otto U and Pouttu, Antti},
	doi = {10.1139/cjfr-31-1-18},
	journal = {Canadian Journal of Forest Research},
	number = {1},
	pages = {18--31},
	title = {{Ecological interpretation of tree-ring width and intraannual density fluctuations in Pinus sylvestris on dry sites in the central Alps and Siberia}},
	volume = {31},
	year = {2001}
}

@article{Wilkinson2015,
	author = {Wilkinson, Sarah and Og{\'{e}}e, J{\'{e}}rɥme and Domec, Jean Christophe and Rayment, Mark and Wingate, Lisa},
	doi = {10.1093/treephys/tpv010},
	journal = {Tree Physiology},
	number = {3},
	pages = {305--318},
	title = {{Biophysical modelling of intra-ring variations in tracheid features and wood density of Pinus pinaster trees exposed to seasonal droughts}},
	volume = {35},
	year = {2015}
}

@article{Campeloa2007,
	author = {Campeloa, Filipe and	Nabaisa, Cristina and Freitasa, Helena and Gutiérrez, Emilia},
	doi = {10.1051/forest},
	journal = {Annals of Forest Science},
	number = {2006},
	pages = {229--238},
	title = {{Climatic significance of tree-ring width and intra-annual density fluctuations in Pinus pinea from a dry Mediterranean area in Portugal}},
	volume = {64},
	year = {2007}
}

@article{Campelo2013,
	author = {Campelo, Filipe and Vieira, Joana and Nabais, Cristina},
	doi = {10.1007/s00468-012-0831-3},
	journal = {Trees - Structure and Function},
	number = {3},
	pages = {763--772},
	title = {{Tree-ring growth and intra-annual density fluctuations of Pinus pinaster responses to climate: Does size matter?}},
	volume = {27},
	year = {2013}
}

@article{Novak2013,
	author = {Novak, Klemen and {Miguel Angel Saz S{\'{a}}nchez} and Katarina {\v{C}}ufar and Ravent{\'{o}}s, Josep and De Luis, Martin},
	doi = {10.1163/22941932-00000037},
	file = {:media/andre/Data/Th{\`{e}}se/Articles/Novak et al 2013.pdf:pdf},
	journal = {IAWA Journal},
	number = {4},
	pages = {459--474},
	title = {{Age, climate and intra-annual density fluctuations in Pinus halepensis in Spain}},
	volume = {34},
	year = {2013}
}

@article{Hughes1984,
	author = {Hughes, M. K. and Schweingruber, F. H. and Cartwright, D. and Kelly, P. M.},
	doi = {10.1038/308341a0},
	journal = {Nature},
	mendeley-groups = {Th{\`{e}}se/Densit{\'{e}} du bois,Th{\`{e}}se/Drought stress},
	pages = {341--344},
	title = {{July-August temperature at Edinburgh between 1721 and 1975 from tree-ring density and width data}},
	volume = {308},
	year = {1984}
}

@article{DArrigo1992,
	author = {D'Arrigo, Rosanne D. and Jacoby, Gordon C. and Free, Rosemary M.},
	journal = {Revue canadienne de recherche foresti{\`{e}}re},
	number = {9},
	pages = {1290--1296},
	title = {{Tree ring width and maximum latewood density at the North American tree line: parameters of climate change.}},
	volume = {22},
	year = {1992}
}

@article{West2006,
	author = {West, Jason B. and Bowen, Gabriel J. and Cerling, Thure E. and Ehleringer, James R.},
	doi = {10.1016/j.tree.2006.04.002},
	journal = {Trends in Ecology and Evolution},
	number = {7},
	pages = {408--414},
	title = {{Stable isotopes as one of nature's ecological recorders}},
	volume = {21},
	year = {2006}
}

@article{Dawson2002,
	author = {Dawson, Todd E. and Mambelli, Stefania and Plamboeck, Agneta H. and Templer, Pamela H. and Tu, Kevin P.},
	doi = {10.1146/annurev.ecolsys.33.020602.095451},
	journal = {Annual Review of Ecology and Systematics},
	number = {1},
	pages = {507--559},
	title = {{Stable Isotopes in Plant Ecology}},
	url = {http://www.annualreviews.org/doi/10.1146/annurev.ecolsys.33.020602.095451},
	volume = {33},
	year = {2002}
}

@article{Farquhar1993,
	author = {Farquhar, Graham D. and Lloyd, Jon and Taylor, John A. and Flanagan, Lawrence B. and Syvertsen, James P. and Hubick, Kerry T. and Wong, S. Chin and Ehleringer, James R.},
	doi = {10.1038/363439a0},
	journal = {Nature},
	pages = {39--443},
	title = {{Vegetation effects on the isotope composition of oxygen in atmospheric CO2}},
	volume = {363},
	year = {1993}
}

@article{Duquesnay1998,
	author = {Duquesnay, a and Breda, N and Stievenard, M and Dupouey, J L},
	doi = {10.1046/j.1365-3040.1998.00304.x},
	journal = {Plant Cell and Environment},
	number = {6},
	pages = {565--572},
	title = {{Changes of tree-ring delta C-13 and water-use efficiency of beech (Fagus sylvatica L.) in north-eastern France during the past century}},
	volume = {21},
	year = {1998}
}

@article{McCarroll2004,
	author = {McCarroll, Danny and Loader, Neil J.},
	doi = {10.1016/j.quascirev.2003.06.017},
	journal = {Quaternary Science Reviews},
	number = {7-8},
	pages = {771--801},
	title = {{Stable isotopes in tree rings}},
	volume = {23},
	year = {2004}
}

@article{JonLloyd1994,
	author = {{Lloyd Jon } and Farquhar, Graham D.},
	journal = {Oecologia},
	number = {3},
	pages = {201--215},
	title = {{13C discrimination during C02 assimilation by the terrestial biosphere}},
	volume = {99},
	year = {1994}
}

@article{Micco2007,
	author = {Micco, Veronica De and Saurer, Matthias and Aronne, Giovanna and Tognetti, Roberto and Cherubini, Paolo},
	file = {:home/andre/.local/share/data/Mendeley Ltd./Mendeley Desktop/Downloaded/Micco et al. - 2007 - OF COASTAL PINUS PIN ASTER SHOWING INTRA-ANNUAL.pdf:pdf},
	journal = {IAWA Journal},
	number = {1},
	pages = {61--74},
	title = {{Variations of wood anatomy and {\&}13C within-tree rings of coastal pinus pin aster showing intra-annual density fluctuations}},
	volume = {28},
	year = {2007}
}


@article{Vaganov2009,
	author = {Vaganov, Eugene A. and Schulze, Ernst Detlef and Skomarkova, Marina V and Knohl, Alexander and Brand, Willi A and Roscher, Christiane},
	doi = {10.1007/s00442-009-1421-y},
	journal = {Oecologia},
	pages = {729-745},
	title = {{Intra-annual variability of anatomical structure and $\delta$13C values within tree rings of spruce and pine in alpine, temperate and boreal Europe}},
	volume = {161},
	year = {2009}
}

@article{Hernandez2001,
	author = {Hernández, Roger E. and Bustos, Cecilia and Fortin, Yves and Beaulieu, Jean},
	journal = {Forest products journal},
	pages = {82-88},
	title = {{Wood machining properties of white spruce from plantation forests}},
	volume = {51},
	year = {2001}
}

@article{Zhang2008,
	author = {Zhang, S.Y. and Koubaa, A. },
	journal = {Special Publication SP-526E  et SP-526F. FPInnovations},
	title = {{Softwoods of Eastern Canada. Their Silvics, Characteristics, Manufacturing and End-Uses}},
	year = {2008}
}

@article{Corriveau1971,
	author = {Corriveau, A. and Boudoux, M.},
	journal = {M. s.n., S.l. Rapport d'information Q-F-X-15},
	pages = {38},
	title = {{Le développement des provenances d'épinette blanche de la région forestière des Grands Lacs et du St-Laurent au Québec}},
	year = {1971}
}

@article{Nienstaedt1990,
	author = {Nienstaedt, H. and Zasada, J. C.},
	journal = {\textit{in} R. M. Burns and B. H. Honkala, editors. Silvics of North America.
	Vol. 1. Conifers. U.S. Department of Agriculture Agricultural Handbook. U.S.
	Department of Agriculture, Washington, D.C.},
	pages = {165-185},
	title = {{\textit{Picea glauca} (Moench) Voss white spruce}},
	year = {1990}
}	
	
@article{Beaulieu2003,
author = {Beaulieu, J.},
journal = {Wood Fiber Sci.},
pages = {609–616},
number = {4},
title = {{Genetic variation in tracheid length and relationships with growth and wood traits in eastern white spruce (\textit{Picea glauca}).}},
volume = {35},
year = {2003}
}


@article{Canadian2009,
	author = { Canadian council of forest, Ministers},
	journal = {Available from http://pndf.ccfm.org/ (accessed 14 March 2009).},
	title = {{National Forestry Database}},
	year = {2009}
}	
	

@article{Beaulieu2011,
	author = {Beaulieu, Jean and Doerksen, Trevor and Boyle, Brian and Cl{\'{e}}ment, S{\'{e}}bastien and Deslauriers, Marie and Beauseigle, St{\'{e}}phanie and Blais, Sylvie and Poulin, Pier Luc and Lenz, Patrick and Caron, S{\'{e}}bastien and Rigault, Philippe and Bicho, Paul and Bousquet, Jean and Mackay, John},
	doi = {10.1534/genetics.110.125781},
	journal = {Genetics},
	number = {1},
	pages = {197--214},
	title = {{Association genetics of wood physical traits in the conifer white spruce and relationships with gene expression}},
	volume = {188},
	year = {2011}
}


@article{Zhang1995,
	author = {Zhang, S Y and Morgenstern, E K},
	pages = {63--75},
	title = {{Genetic variation and inheritance of wood density in black spruce (\textit{Picea mariana}) and its relationship with growth: implications for tree breeding}},
	journal = {Wood Science and Technology},
	volume = {30},
	year = {1995}
}

@article{Bigras2005,
	author = {Bigras, F. J.},
	doi = {10.1007/s11056-005-0245-9},
	journal = {New Forests},
	number = {2},
	pages = {135--148},
	title = {{Photosynthetic response of white spruce families to drought stress}},
	volume = {29},
	year = {2005}
}

@article{Bouriaud2004,
	author = {Bouriaud, O. and Br{\'{e}}da, N. and Mogu{\'{e}}dec, G. Le and Nepveu, G.},
	journal = {Trees},
	title = {{Modelling variability of wood density in beech as affected by ring age , radial growth and climate}},
	volume = {18},
	year = {2004}
}

@article{GARDINER2011,
	author = {Gardiner, Barry and {Jean-Michel Leban} and Auty, David and Simpson, Helen},
	journal = {Forestry},
	number = {2},
	pages = {119--132},
	title = {{Models for predicting wood density of British-grown Sitka spruce}},
	volume = {84},
	year = {2011}
}

@article{Auty2016,
	author = {Auty, David and Achim, Alexis and Macdonald, Elspeth and Cameron, Andrew D. and Wood, Barry A. Gardiner},
	journal = {Forest Science},
	number = {11},
	pages = {403--413},
	title = {{Models for Predicting Clearwood Mechanical Properties of Scots Pine}},
	volume = {62},
	year = {2016}
}

@article{Drew2012,
	author = {Drew, David M and Allen, Kathryn and Downes, Geoffrey M and Evans, Robert and Battaglia, Michael and Baker, Patrick},
	journal = {Tree Physiology},
	number = {1},
	pages = {37--47},
	title = {{Wood properties in a long-lived conifer reveal strong climate signals where ring-width series do not}},
	volume = {33},
	year = {2012}
}

@article{Auty2013,
	author = {Auty, David and Gardiner, Barry A. and Achim, Alexis and Moore, John R. and Cameron, Andrew D.},
	journal = {Annals of Forest Science},
	pages = {209--218},
	title = {{Models for predicting microfibril angle variation in Scots pine}},
	volume = {70},
	year = {2013}
}

@article{Nicolas2017,
	author = {Nicolas, Martin-StPaul and Delzon, Sylvain and Cochard, Herv{\'{e}}},
	doi = {10.1111/ele.12851},
	journal = {Ecology Letters},
	keywords = {1,2017,dieback,drought,ecology letters,nicolas martin-stpaul,stomata,tree mortality,xylem embolism},
	pages = {1437--1447},
	title = {{Plant resistance to drought depends on timely stomatal closure}},
	volume = {20},
	year = {2017}
}

@article{Skomarkova2006,
	author = {Skomarkova, M. V. and Vaganov, E. A. and Mund, M. and Schulze, A. Knohl and Linke, P. and Boerner, A. and Schulze, E.-D},
	journal = {Trees},
	pages = {571-- 586},
	title = {{Inter-annual and seasonal variability of radial growth , wood density and carbon isotope ratios in tree rings of beech ( Fagus sylvatica) growing in Germany and Italy}},
	volume = {20},
	year = {2006}
}

@article{Rozas2011,
	author = {Rozas, Vicente and Garcia-Gonzalez, Ignacio and Zas, Rafael},
	journal = {Trees},
	pages = {443--453},
	title = {{Climatic control of intra-annual wood density fluctuations of Pinus pinaster in NW Spain}},
	volume = {25},
	year = {2011}
}

@article{WimmeretGrabner2000,
	author = {Wimmer, Rupert and Grabner, Michael},
	journal = {IAWA Journal},
	number = {4},
	pages = {403--416},
	title = {{A comparison of tree-ring features in picea abies as correlated with climate}},
	volume = {21},
	year = {2000}
}

@article{Donaldson2008,
	author = {Donaldson, Lloyd},
	journal = {IAWA Journal},
	number = {4},
	pages = {345--386},
	title = {{MICROFIBRIL ANGLE: MEASUREMENT, VARIATION AND RELATIONSHIPS – A REVIEW}},
	volume = {29},
	year = {2008}
}

@article{Xu2012,
	author = {Xu, Jinmei and Lu, Jianxiong and Bao, Fucheng and Evans, Robert and Downes, Geoffrey and Huang, Rongfeng and Zhao, Youke},
	journal = {Trees - Structure and Function},
	number = {3},
	pages = {1007--1016},
	title = {{Cellulose microfibril angle variation in Picea crassifolia tree rings improves climate signals on the Tibetan plateau}},
	volume = {26},
	year = {2012}
}


@article{Drew2009,
	author = {Drew, David M and Schulze, E Detlef and Downes, Geoffrey M},
	file = {:media/andre/Data/Th{\`{e}}se/Articles/Drew{\_}MFA{\_}Irrigation.pdf:pdf},
	journal = {Functional Plant Biology},
	mendeley-groups = {Th{\`{e}}se/Densit{\'{e}} du bois},
	pages = {1--10},
	title = {{Temporal variation in d 13 C, wood density and microfibril angle in variously irrigated Eucalyptus nitens}},
	volume = {36},
	year = {2009}
}

@article{Cernusak2015,
	author = {Cernusak, Lucas A and English, Nathan B},
	journal = {Tree Physiology},
	pages = {1--3},
	title = {{Beyond tree-ring widths: stable isotopes sharpen the focus on climate responses of temperate forest trees}},
	volume = {35},
	year = {2015}
}

@article{Hartl-meier2015,
	author = {Hartl-meier, Claudia and Zang, Christian and Esper, Jan and Rothe, Andreas and Treydte, Kerstin},
	journal = {Tree Physiology},
	pages = {4--15},
	title = {{Uniform climate sensitivity in tree-ring stable isotopes across species and sites in a mid-latitude temperate forest}},
	volume = {35},
	year = {2015}
}

@article{Sarris2013,
	author = {Sarris, Dimitrios and Siegwolf, Rolf and K{\"{o}}rner, Christian},
	journal = {Agricultural and Forest Meteorology},
	pages = {59--68},
	title = {{Inter- and intra-annual stable carbon and oxygen isotope signals in response to drought in Mediterranean pines}},
	url = {http://dx.doi.org/10.1016/j.agrformet.2012.08.007},
	volume = {168},
	year = {2013}
}

@article{Farquhara1984,
	author = {Farquhara, G D and Richards, R A},
	journal = {Australian Journal of Plant PhysiologyPhysiology},
	number = {6},
	pages = {539 -- 552},
	title = {{Isotopic Composition of Plant Carbon Correlates with Water-use Efficiency of Wheat Genotypes}},
	volume = {11},
	year = {1984}
}

@article{PONTON2001,
	author = {Ponton, S. and Dupouey, J.-L. and Br{\'{e}}da, N. and Feuillat, F. and Bod{\'{e}}n{\`{e}}s, C. and Dreyer, E.},
	file = {:media/andre/Data/Th{\`{e}}se/Articles/Ponton{\_}et{\_}al-2001.pdf:pdf},
	journal = {Plant, Cell and Environment},
	mendeley-groups = {Th{\`{e}}se/Isotopy},
	pages = {861--868},
	title = {{Carbon isotope discrimination and wood anatomy variations in mixed stands of Quercus robur and Quercus petraea}},
	volume = {24},
	year = {2001}
}

@article{Wimmer2002,
	author = {Wimmer, R R and Downes, G M G M and Evans, R R},
	file = {:media/andre/Data/Th{\`{e}}se/Articles/Wimmer et al 2002.pdf:pdf},
	journal = {Tree physiology},
	mendeley-groups = {Th{\`{e}}se/Drought stress},
	number = {7},
	pages = {449--457},
	title = {{Temporal variation of microfibril angle in Eucalyptus nitens grown in different irrigation regimes.}},
	url = {http://treephys.oxfordjournals.org/cgi/content/short/22/7/449{\%}5Cnpapers2://publication/uuid/7464F192-2579-4BD9-9857-1F6E13568582},
	volume = {22},
	year = {2002}
}


@article{Lebourgeois2005,
	author = {Lebourgeois, F. and Br{\'{e}}da, N. and Ulrich, E. and Granier, A.},
	doi = {10.1007/s00468-004-0397-9},
	journal = {Trees - Structure and Function},
	number = {4},
	pages = {385--401},
	title = {{Climate-tree-growth relationships of European beech (Fagus sylvatica L.) in the French Permanent Plot Network (RENECOFOR)}},
	volume = {19},
	year = {2005}
}

@article{Waring1987,
	author = {Waring, R. H.},
	doi = {10.1016/S0166-1116(08)70878-1},
	file = {:media/andre/Data/Th{\`{e}}se/Articles/Waring 1987.pdf:pdf},
	journal = {BioScience},
	mendeley-groups = {Th{\`{e}}se/Drought stress},
	number = {8},
	pages = {569--574},
	title = {{Characteristics of trees predisposed to die}},
	volume = {37},
	year = {1987}
}

@techreport{IPCC_2015,
	author = {Meyer, Leo and Brinkman, Sander and van Kesteren, Line and Leprince-Ringuet, No{\"{e}}mie and van Boxmeer, Fijke},
	editor = {Pachauri, R K and Meyer, L A},
	institution = {IPCC},
	keywords = {ipcc,n2o},
	title = {{IPCC, 2014: Climate Change 2014: Synthesis Report. Contribution of Working Groups I, II and III to the Fifth Assessment Report of theIntergovernmental Panel on Climate Change}},
	year = {2014}
}

@article{Seftigen2011,
	author = {Seftigen, Kristina and Linderholm, Hans W and Loader, Neil J and Liu, Yu and Young, Giles H F},
	doi = {10.1016/j.chemgeo.2011.04.006},
	journal = {Chemical Geology},
	pages = {84--93},
	title = {{The influence of climate on 13C/12C and 18O/16O ratios in tree ring cellulose of Pinus sylvestris L. growing in the central Scandinavian Mountains}},
	volume = {286},
	year = {2011}
}

@article{Vanerek2017,
	author = {Van{\v{e}}rek, Jan and Martinek, Radom{\'{i}}r and {\v{C}}ada, Pavel and Kukl{\'{i}}k, Pavel},
	doi = {10.1016/j.proeng.2017.04.552},
	file = {:media/andre/Data/Th{\`{e}}se/Articles/Vanerek et al.2017.pdf:pdf},
	issn = {18777058},
	journal = {Procedia Engineering},
	keywords = {MFA,Spruce,cellulose fiber,wood cell wall},
	mendeley-groups = {Th{\`{e}}se/Drought stress},
	pages = {259--264},
	title = {{The Influence of Microfibril Angle on the Wood Stiffness Parameters}},
	volume = {195},
	year = {2017}
}

@article{Lindstrom1998,
	author = {Lindstr{\"{o}}m, H{\"{a}}kan and Evans, James W. and Verrill, Steve P.},
	file = {:media/andre/Data/Th{\`{e}}se/Articles/Lindstr{\"{o}}m et al 1998.pdf:pdf},
	journal = {Holzforschung},
	mendeley-groups = {Th{\`{e}}se/wood anatomy},
	pages = {573--581},
	title = {{Influence of Cambial Age and Growth Conditions on Microfibril Angle in Young Norway Spruce (Picea abies [L.] Karst.)}},
	volume = {52},
	year = {1998}
}

@misc{Beaulieu1996,
	author = {Beaulieu, J.},
	journal ={In Information Report LAU-X-117E Quebec, QC: Natural Resources Canada,
	Canadian Forest Service},
	publisher = {n Information Report LAU-X-117E Quebec, QC: Natural Resources Canada, Canadian Forest Service},
	title = {{Breeding program and strategy for white spruce in Quebec.}},
	year = {1996}
}

@article{Evans1999,
	author = {Evans, R},
	issn = {1038-6807},
	journal = {APPITA JOURNAL},
	number = {4},
	pages = {283--289},
	title = {{A variance approach to the X-ray diffractometric estimation of microfibril angle in wood}},
	type = {Article},
	volume = {52},
	year = {1999}
}

@book{Regniere2014,
	author = {R{\'{e}}gni{\`{e}}re, Jacques and Saint-Amant, R{\'{e}}mi and B{\'{e}}chard, Ariane},
	editor = {{Inf. Rep. LAU-X-137E.}},
	mendeley-groups = {Th{\`{e}}se/Drought stress},
	pages = {82},
	publisher = {Nat. Resour. Can., Can. For. Serv., Laurentian For. Cent., Qu{\'{e}}bec (Quebec)},
	title = {{BioSIM 10 USER'S MANUAL}},
	year = {2014}
}

@article{Evans1994,
	author = {Evans, Robert},
	file = {:media/andre/Data/Th{\`{e}}se/Articles/Evans 1994.pdf:pdf},
	journal = {Holzforschung},
	mendeley-groups = {Th{\`{e}}se/Wood density},
	pages = {168--172},
	title = {{Rapid Measurement of the Transverse Dimensions r of Tracheids in Radial Wood Sections from Pinus radiata}},
	volume = {48},
	year = {1994}
}

@book{Moore2011,
	author = {Moore, J},
	journal = {Research Report - Forestry Commission, UK},
	mendeley-groups = {Th{\`{e}}se/Wood density},
	pages = {vi + 48 pp.},
	publisher = {Numéro 015. Forestry Commission},
	title = {{Wood properties and uses of Sitka spruce in Britain.}},
	year = {2011}
}

@article{HOLMES1983,
	author = {Holmes, Richard L.},
	file = {:media/andre/Data/Th{\`{e}}se/Articles/Homes1983.pdf:pdf},
	journal = {Tree Ring Bull.},
	mendeley-groups = {Th{\`{e}}se/Drought stress},
	pages = {69 -- 78},
	title = {{Computer-Assisted Quality Control in Tree-Ring Dating and Measurement}},
	volume = {43},
	year = {1983}
}

@article{Biondi2004,
	author = {Biondi, Franco and Waikul, Kishor},
	doi = {10.1016/j.cageo.2003.11.004},
	file = {:media/andre/Data/Th{\`{e}}se/Articles/Biondi et Waikul 2004.pdf:pdf},
	journal = {Computers {\&} Geosciences},
	mendeley-groups = {Th{\`{e}}se/Drought stress},
	pages = {303--311},
	title = {{DENDROCLIM2002: A C+ + program for statistical calibration of climate signals in tree-ring chronologies}},
	volume = {30},
	year = {2004}
}

@article{Sternberg2009,
	author = {Sternberg, Leonel da Silveira Lobo O'Reilly},
	journal = {New Phytologist},
	mendeley-groups = {Th{\`{e}}se/Isotopy},
	pages = {553--562},
	pmid = {8037431},
	title = {{Oxygen stable isotope ratios of tree-ring cellulose: the next phase of understanding}},
	volume = {181},
	year = {2009}
}

@article{Chan2012,
	author = {Chan, J.},
	file = {:media/andre/Data/Th{\`{e}}se/Articles/CHAN-2012-Journal{\_}of{\_}Microscopy.pdf:pdf},
	isbn = {4416034504},
	issn = {00222720},
	journal = {Journal of Microscopy},
	keywords = {Cell wall,Cellulose microfibril,Cytoskeleton,Growth,Microtubule},
	mendeley-groups = {Th{\`{e}}se/wood anatomy},
	number = {1},
	pages = {23--32},
	pmid = {22171640},
	title = {{Microtubule and cellulose microfibril orientation during plant cell and organ growth}},
	volume = {247},
	year = {2012}
}

@article{Korbei2011,
	author = {Korbei, Barbara and Luschnig, Christian},
	doi = {10.1016/j.cub.2011.01.062},
	file = {:media/andre/Data/Th{\`{e}}se/Articles/Korbei et Luschning.pdf:pdf},
	journal = {Current Biology},
	mendeley-groups = {Th{\`{e}}se/wood anatomy},
	number = {5},
	pages = {R197--R199},
	publisher = {Elsevier Ltd},
	title = {{Cell polarity: PIN it down!}},
	url = {http://dx.doi.org/10.1016/j.cub.2011.01.062},
	volume = {21},
	year = {2011}
}

@article{Bonal2000,
	author = {Bonal, Damien and Atger, Claire and Barigah, T{\^{e}}t{\'{e}} S{\'{e}}verien and Ferhi, Andr{\'{e}} and Guehl, Jean-Marc and Ferry, Bruno},
	file = {:media/andre/Data/Th{\`{e}}se/Articles/Bonal et al 2000.pdf:pdf},
	journal = {Annals of Forest Science},
	mendeley-groups = {Th{\`{e}}se/Isotopy},
	number = {November 2014},
	pages = {717--724},
	title = {{Water acquisition patterns of two wet tropical canopy tree species of French Guiana as inferred from H218O extraction profiles}},
	volume = {57},
	year = {2000}
}

@article{Pons2011,
	author = {Pons, Thijs L. and Helle, Gerhard},
	doi = {10.1007/s00468-010-0527-5},
	file = {:home/andre/.local/share/data/Mendeley Ltd./Mendeley Desktop/Downloaded/Pons, Helle - 2011 - Identification of anatomically non-distinct annual rings in tropical trees using stable isotopes.pdf:pdf},
	journal = {Trees - Structure and Function},
	mendeley-groups = {Th{\`{e}}se/Isotopy},
	number = {1},
	pages = {83--93},
	title = {{Identification of anatomically non-distinct annual rings in tropical trees using stable isotopes}},
	volume = {25},
	year = {2011}
}

@article{Flato2001,
	author = {Flato, G M and Boer, G J},
	file = {:media/andre/Data/Th{\`{e}}se/Articles/Flato and Boer 2001.pdf:pdf},
	journal = {Geophycal Research Letters},
	keywords = {doi:10.1029/2000GL012121,http://dx.doi.org/10.1029/2000GL012121},
	mendeley-groups = {Th{\`{e}}se/Isotopy},
	number = {1},
	pages = {195--198},
	title = {{Warming asymmetry in climate change simulations}},
	volume = {28},
	year = {2001}
}

@article{Apiolaza2011,
	author = {Apiolaza, Luis A. and Butterfield, Brian and Chauhan, Shakti S. and Walker, John C. F.},
	doi = {10.1007/s13595-011-0028-8},
	file = {:media/andre/Data/Th{\`{e}}se/Articles/Apiolaza 2011.pdf:pdf},
	journal = {Annals of Forest Science},
	keywords = {acoustic assessments,clones,compression wood,early selection,wood stiffness},
	mendeley-groups = {Th{\`{e}}se/wood anatomy},
	pages = {407--414},
	title = {{Characterization of mechanically perturbed young stems: can it be used for wood quality screening?}},
	volume = {68},
	year = {2011}
}

@article{Espinoza2014,
	author = {Espinoza, Sergio E. and Mart{\'{i}}nez, V{\'{i}}ctor A. and Magni, Carlos R. and Ivkovi{\'{c}}, Milos and Santelices, R{\'{o}}mulo E. and Guerra, Fernando P. and Cabrera, AntonioM.},
	doi = {10.1007/s11295-014-0741-1},
	file = {:media/andre/Data/Th{\`{e}}se/Articles/Espinoza et al 2014.pdf:pdf},
	isbn = {1129501407411},
	journal = {Tree Genetics {\&} Genomes},
	keywords = {a,beaulieu,breeding,cabrera,communicated by j,e,espinoza,genetic parameters,m,r,radiata pine,root-to-shoot ratio,s,santelices,water stress},
	mendeley-groups = {Th{\`{e}}se/Articles en g{\'{e}}n{\'{e}}tique},
	pages = {1045--1054},
	title = {{Genetic control of growth, biomass allocation, and survival under drought stress in Pinus radiata D. Don seedlings}},
	volume = {10},
	year = {2014}
}

@Manual{R2018,
 	author = {R Core Team},
 	title = {R: A Language and Environment for Statistical Computing},
 	organization = {R Foundation for Statistical Computing},
 	address = {Vienna, Austria},
 	year = {2018},
 	url = {https://www.R-project.org/},
 }
 
@Manual{NLME2018,
 	title = {{nlme}: Linear and Nonlinear Mixed Effects Models},
 	author = {Jose Pinheiro and Douglas Bates and Saikat DebRoy and Deepayan Sarkar and {R Core Team}},
 	year = {2018},
 	note = {R package version 3.1-131.1},
 	url = {https://CRAN.R-project.org/package=nlme},
 }
 
 @article{Housset2018,
 	author = {Housset, Johann M. and Nadeau, Simon and Isabel, Nathalie and Depardieu, Claire and Duchesne, Isabelle and Lenz, Patrick and Girardin, Martin P.},
 	year = {2018},
 	title = {Tree rings provide a new class of phenotypes for genetic associations that foster insights into adaptation of conifers to climate change},
 	journal = {New Phytologist},
 	publisher = {Wiley Online Library},
 	issn = {1469-8137},
 	doi = {10.1111/nph.14968},
 	month = {1},
 	url = {http:https://doi.org/10.1111/nph.14968},
 }

@article{Heer2018,
	author = {Heer, K. and Behringer, D. and Piermattei, A. and Bässler, C. and Brandl, R. and Fady, B. and Jehl, H. and Liepelt, S. and Lorch, S. and Piotti, A. and Vendramin, G.G. and Weller, M. and Ziegenhagen, B. and Büntgen, U. and Opgenoorth, L.},
	year = {2018},
	title = {Linking dendroecology and association genetics in natural populations: Stress responses archived in tree rings associate with SNP genotypes in silver fir (Abies alba Mill.)},
	journal = {Molecular Ecology},
	publisher = {Wiley Online Library},
	issn = {1365-294X},
	doi = {10.1111/mec.14538},
	month = {2},
	url = {http:https://doi.org/10.1111/mec.14538},
}

@article{Wang2001,
	author = {Wang, Q. and Zhang, P. Z. and Freymueller, J. T. and Bilham, R. and Larson, K. M. and Lai, X. and You, X. and Niu, Z. and Wu, J. and Li, Y. and Liu, J. and Yang, Z. and Chen, Q.},
	doi = {10.1126/science.1063647},
	file = {:media/andre/Data/Th{\`{e}}se/Articles/Wang et al 2011pdf:},
	isbn = {0036-8075},
	issn = {00368075},
	journal = {Science},
	mendeley-groups = {Th{\`{e}}se/Wood density},
	number = {5542},
	pages = {574--577},
	pmid = {11641493},
	title = {{Present-day crustal deformation in China constrained by global positioning system measurements}},
	volume = {294},
	year = {2001}
}

@mannuel{Mullin2011,
	author = {Mullin, T.J. and Andersson, B. and Bastien, J. and Beaulieu, J. and Burdon, R. and Dvorak, W. et al. },
	editor = {Genetics, Genomics and Breeding of Conifers},
	pages = {40 – 127},
	publisher = {New York: Edenbridge Science Publishers and CRC Press; 2011},
	title = {Economic importance, breeding objectives and achievements},
	year = {2011}
}

@mannuel{Beaulieu2009,
	author = {Beaulieu, J. and Daoust, G. and Deshaies, A. and Lamhamedi, M.S. and Rainville, A. and Tourigny, M.},
	editor = {Ordre des ingénieurs forestiers du Québec. Ouvrage collectif, Éditions Multimondes, Québec},
	pages = {1093 – 1146},
	publisher = {In Manuel de foresterie. 2nd ed.},
	title = {Amélioration génétique des arbres, gestion des vergers à graines et de semences, et production de plants forestiers},
	year = {2009}
}

@article{Vieira2013,
	author = {Vieira, Joana and Rossi, Sergio and Campelo, Filipe and Freitas, Helena and Nabais, Cristina},
	doi = {10.1016/j.agrformet.2013.06.009},
	file = {:home/andre/Andre/Th{\`{e}}se/Articles/Vieira et al 2013.pdf:pdf},
	issn = {0168-1923},
	journal = {Agricultural and Forest Meteorology},
	keywords = {automatic dendrometer},
	mendeley-groups = {Th{\`{e}}se/Drought stress},
	pages = {173--181},
	publisher = {Elsevier B.V.},
	title = {{Seasonal and daily cycles of stem radial variation of Pinus pinaster in a drought-prone environment}},
	url = {http://dx.doi.org/10.1016/j.agrformet.2013.06.009},
	volume = {180},
	year = {2013}
}

@article{Vieira2015,
	author = {Vieira, Joana and Campelo, Filipe and Rossi, Sergio and Carvalho, Ana and Freitas, Helena and Nabais, Cristina},
	doi = {10.1371/journal.pone.0126223},
	file = {:home/andre/Andre/Th{\`{e}}se/Articles/Vieira et al 2015.PDF:PDF},
	journal = {PLOS ONE},
	mendeley-groups = {Th{\`{e}}se/Drought stress},
	number = {5},
	pages = {1--15},
	title = {{Adjustment Capacity of Maritime Pine Cambial Activity in Drought-Prone Environments}},
	volume = {10},
	year = {2015}
}

@article{Irvine1997,
	author = {Irvine, J and Perks, M P and Magnani, F and Grace, J},
	file = {:home/andre/Andre/Th{\`{e}}se/Articles/Irvine et al 1997.pdf:pdf},
	journal = {Tree Physiology},
	keywords = {growth,sap flow,scots pine,soil water deficit,stomatal conductance,xylem embolism},
	mendeley-groups = {Th{\`{e}}se/Drought stress},
	pages = {393--402},
	title = {{The response of Pinus sylvestris to drought: stomatal control of transpiration and hydraulic conductance}},
	volume = {18},
	year = {1997}
}

@article{Franceschini2017,
	title={Effect of thinning on the relationship between mean ring density and climate in black spruce (Picea mariana (Mill.) BSP)},
	author={Franceschini, Tony and Gauthray-Guy{\'e}net, Vincent and Schneider, Robert and Ruel, Jean-Claude and Pothier, David and Achim, Alexis},
	journal={Forestry: An International Journal of Forest Research},
	pages={1-16},
	year={2017}
}

@article{Telewski1989,
		title={Structure and function of flexure wood in Abies fraseri},
		author={Telewski, FW},
		journal={Tree Physiology},
		volume={5},
		number={1},
		pages={113--121},
		year={1989},
		publisher={Heron Publishing}
	}
	
@article{Decoux2004,
	author = {Decoux, Val{\'{e}}rie and Varcin, {\'{E}}liane and Leban, Jean-Michel},
	doi = {10.1051/forest},
	file = {:home/andre/Andre/Th{\`{e}}se/Articles/Decoux et al 2004.pdf:pdf},
	journal = {Ann. For. Sci.},
	mendeley-groups = {Th{\`{e}}se/Wood density},
	pages = {251--262},
	title = {{Relationships between the intra-ring wood density assessed by X-ray densitometry and optical anatomical measurements in conifers. Consequences for the cell wall apparent density determination}},
	volume = {61},
	year = {2004}
}

@article{Tyree1991,
	author = {Tyree, Melvin T and Frank, W Ewers},
	file = {:home/andre/Andre/Th{\`{e}}se/Articles/TYREE{\_}et{\_}al-1991-New{\_}Phytologist.pdf:pdf},
	journal = {New Phytologist},
	mendeley-groups = {Th{\`{e}}se/wood anatomy},
	number = {34},
	pages = {345--360},
	title = {{The hydraulic architecture of trees and other woody plants}},
	volume = {119},
	year = {1991}
}

@article{Ambrose2015,
	author = {Ambrose, Anthony R. and Baxter, Wendy L. and Wong, Christopher S. and N{\ae}sborg, Rikke R. and Williams, Cameron B. and Dawson, Todd E.},
	doi = {10.1093/treephys/tpv016},
	file = {:home/andre/Andre/Th{\`{e}}se/Articles/Ambrose et al 2015.pdf:pdf},
	isbn = {0829-318X},
	issn = {17584469},
	journal = {Tree Physiology},
	keywords = {Sequoia sempervirens,Sequoiadendron giganteum,anisohydric,biomass allocation,climate change,embolism,isohydric},
	mendeley-groups = {Th{\`{e}}se/wood anatomy},
	number = {5},
	pages = {453--469},
	pmid = {25787330},
	title = {{Contrasting drought-response strategies in California redwoods}},
	volume = {35},
	year = {2015}
}

@article{Martinez-Sancho2017,
	author = {Mart{\'{i}}nez-Sancho, Elisabet and Navas, Lizeth K. V{\'{a}}sconez and Seidel, Hannes and Dorado-Li{\~{n}}{\'{a}}n, Isabel and Menzel, Annette},
	doi = {10.3390/f8110450},
	file = {:home/andre/Andre/Th{\`{e}}se/Articles/Mart{\'{i}}nez-Sancho et al 2017.pdf:pdf},
	journal = {forests},
	keywords = {climate change,drought,experiment,hydraulic conductivity,manipulation,plant functional types,stem water potential,stomatal conductance,tree growth,warming},
	mendeley-groups = {Th{\`{e}}se/Drought stress},
	pages = {450},
	title = {{Responses of Contrasting Tree Functional Types to Air Warming and Drought}},
	volume = {8},
	year = {2017}
}

@article{Pothier1989,
	author = {Pothier, David and Margolis, Hank A. and Poliquin, Jean and Waring, Richard H.},
	file = {:home/andre/Andre/Th{\`{e}}se/Articles/Pothier et al 1989b(2).pdf:pdf},
	journal = {Revue canadienne de recherche foresti{\`{e}}re},
	mendeley-groups = {Th{\`{e}}se/wood anatomy},
	number = {12},
	pages = {1564--1570},
	title = {{Relation between the permeability and the anatomy of jack pine sapwood with stand development}},
	volume = {19},
	year = {1989}
}

@article{FERRIO2005,
	author = {Ferrio, J. P. and Voltas, J .},
	file = {:home/andre/Travail/Th{\`{e}}se/Articles/Ferrio et Voltas 2005.pdf:pdf},
	journal = {Tellus},
	mendeley-groups = {Th{\`{e}}se/Isotopy},
	pages = {164--173},
	title = {{Carbon and oxygen isotope ratios in wood constituents of Pinus halepensis as indicators of precipitation, temperature and vapour pressure deficit}},
	volume = {57B},
	year = {2005}
}
